@article{Bian2018,
  title     = {Solving SAT and MaxSAT with a Quantum Annealer: Foundations, encodings, and preliminary results},
  author    = {Bian, Z. and Chudak, F. and Macready, W. and Clark, L. and Gaitan, F.},
  journal   = {arXiv preprint arXiv:1811.02524},
  year      = {2018}
}

@inproceedings{Shintaro2024,
  title     = {Solving McEliece-1409 in one day: Cryptanalysis with Improved BJMM},
  author    = {Shintaro, S. and others},
  booktitle = {Proceedings of Information Security Conference (ISC)},
  year      = {2024}
}

@article{Im2025,
  title     = {Accelerating Hybrid XOR-CNF SAT Problems with In-Memory Computing},
  author    = {Im, J. and others},
  journal   = {arXiv preprint arXiv:2504.06476},
  year      = {2025}
}

@article{Pei2025,
  title     = {An Innovative Algorithm for Attacking Symmetric Ciphers Using D-Wave Quantum Annealing},
  author    = {Pei, Z. and others},
  journal   = {Tsinghua Science and Technology},
  volume    = {30},
  number    = {5},
  year      = {2025},
  pages     = {xxx--xxx}
}

@article{Sirdey2023,
  title     = {First Attempts at Cryptanalyzing a (Toy) Block Cipher by Means of Quantum Optimization Approaches},
  author    = {Sirdey, R.},
  journal   = {Journal of Computational Science},
  volume    = {69},
  year      = {2023},
  pages     = {xxx--xxx}
}

@misc{DWaveDocs,
  title     = {D-Wave Systems Documentation and Whitepapers},
  author    = {{D-Wave Systems Inc.}},
  year      = {2017--2023},
  howpublished = {\url{https://www.dwavesys.com}}
}

@misc{ClassicMcEliece2020,
  title     = {Classic McEliece: Conservative code-based cryptography},
  author    = {{Classic McEliece Team}},
  year      = {2020},
  note      = {NIST PQC Round 3 Submission},
  howpublished = {\url{https://classic.mceliece.org}}
}

@article{Zhang2000,
  title     = {Logical cryptanalysis as a SAT problem},
  author    = {Zhang, H. and others},
  journal   = {Journal of Automated Reasoning},
  volume    = {24},
  number    = {1},
  pages     = {9--36},
  year      = {2000}
}

@inproceedings{Mironov2006,
  title     = {Applications of SAT solvers to cryptanalysis of hash functions},
  author    = {Mironov, I. and Zhang, L.},
  booktitle = {Proceedings of the 9th International Conference on Theory and Applications of Satisfiability Testing (SAT)},
  pages     = {102--115},
  year      = {2006}
}

@article{Lafitte2014,
  title     = {Finding weak keys and preimages with SAT solvers},
  author    = {Lafitte, F. and Naya-Plasencia, M. and Véron, P.},
  journal   = {Journal on Satisfiability, Boolean Modeling and Computation},
  volume    = {9},
  pages     = {1--25},
  year      = {2014}
}

@inproceedings{Grover1996,
  title     = {A fast quantum mechanical algorithm for database search},
  author    = {Grover, L.},
  booktitle = {Proceedings of the 28th Annual ACM Symposium on Theory of Computing (STOC)},
  pages     = {212--219},
  year      = {1996}
}
@article{BMT1978,
  title   = {On the Inherent Intractability of Certain Coding Problems},
  author  = {Berlekamp, Elwyn R. and McEliece, Robert J. and van Tilborg, Henk C. A.},
  journal = {IEEE Transactions on Information Theory},
  volume  = {24},
  number  = {3},
  pages   = {384--386},
  year    = {1978},
  doi     = {10.1109/TIT.1978.1055873}
}

@misc{OQSClassicMcEliece,
  title        = {Open Quantum Safe: Classic McEliece (KEM) parameter sets and sizes},
  author       = {{Open Quantum Safe Project}},
  year         = {2025},
  howpublished = {\url{https://github.com/open-quantum-safe/liboqs/blob/main/docs/algorithms/kem/classic_mceliece.md}},
  note         = {Accessed: 2025-10-12}
}


@book{MacWilliamsSloane1977,
  author    = {F. J. MacWilliams and N. J. A. Sloane},
  title     = {The Theory of Error-Correcting Codes},
  publisher = {North-Holland},
  year      = {1977}
}

@book{HuffmanPless2003,
  author    = {W. Cary Huffman and Vera Pless},
  title     = {Fundamentals of Error-Correcting Codes},
  publisher = {Cambridge University Press},
  year      = {2003}
}

@book{vanLint1999,
  author    = {J. H. van Lint},
  title     = {Introduction to Coding Theory},
  edition   = {3rd rev.\ and expanded ed.},
  series    = {Graduate Texts in Mathematics},
  volume    = {86},
  publisher = {Springer},
  year      = {1999}
}

@book{LidlNiederreiter1997,
  author    = {Rudolf Lidl and Harald Niederreiter},
  title     = {Finite Fields},
  edition   = {2nd},
  publisher = {Cambridge University Press},
  year      = {1997}
}

@article{Goppa1970,
  author  = {V. D. Goppa},
  title   = {A New Class of Linear Error-Correcting Codes},
  journal = {Problemy Peredachi Informatsii},
  volume  = {6},
  number  = {3},
  pages   = {24--30},
  year    = {1970},
  note    = {English translation: Problems of Information Transmission}
}

@article{Patterson1975,
  author  = {N. J. Patterson},
  title   = {The Algebraic Decoding of Goppa Codes},
  journal = {IEEE Transactions on Information Theory},
  volume  = {21},
  number  = {2},
  pages   = {203--207},
  year    = {1975}
}

@article{McEliece1978,
  author  = {R. J. McEliece},
  title   = {A Public-Key Cryptosystem Based on Algebraic Coding Theory},
  journal = {The Deep Space Network Progress Report},
  volume  = {42-44},
  pages   = {114--116},
  year    = {1978}
}

@article{Niederreiter1986,
  author  = {Harald Niederreiter},
  title   = {Knapsack-type Cryptosystems and Algebraic Coding Theory},
  journal = {Problems of Control and Information Theory},
  volume  = {15},
  number  = {2},
  pages   = {159--166},
  year    = {1986}
}

@article{BMvT1978,
  author  = {E. R. Berlekamp and R. J. McEliece and H. C. A. van Tilborg},
  title   = {On the Inherent Intractability of Certain Coding Problems},
  journal = {IEEE Transactions on Information Theory},
  volume  = {24},
  number  = {3},
  pages   = {384--386},
  year    = {1978}
}

@misc{ShoupISO2001,
  author       = {Victor Shoup},
  title        = {A Proposal for an ISO Standard for Public Key Encryption (version 2.1)},
  howpublished = {\url{https://www.shoup.net/papers/iso-2_1.pdf}},
  year         = {2001},
  note         = {Introduces the KEM/DEM framework}
}

@article{CramerShoup2003,
  author  = {Ronald Cramer and Victor Shoup},
  title   = {Design and Analysis of Practical Public-Key Encryption Schemes Secure against Adaptive Chosen Ciphertext Attack},
  journal = {SIAM Journal on Computing},
  volume  = {33},
  number  = {1},
  pages   = {167--226},
  year    = {2003}
}

@inproceedings{AbeTagKEM2005,
  author    = {Masayuki Abe and Victor Shoup},
  title     = {Tag-KEM/DEM: A New Framework for Hybrid Encryption and a New Analysis of Kurosawa--Desmedt KEM},
  booktitle = {EUROCRYPT 2005},
  series    = {LNCS},
  volume    = {3494},
  pages     = {128--146},
  publisher = {Springer},
  year      = {2005}
}

@misc{CMspec2022,
  title        = {Classic McEliece: conservative code-based cryptography: cryptosystem specification},
  howpublished = {\url{https://classic.mceliece.org/mceliece-spec-20221023.pdf}},
  year         = {2022},
  note         = {Defines CM parameters and \textsf{KeyGen/Encap/Decap}}
}

@techreport{NISTIR8413,
  author      = {G. Alagic and others},
  title       = {Status Report on the Third Round of the NIST Post-Quantum Cryptography Standardization Process},
  institution = {NIST},
  number      = {NIST IR 8413},
  year        = {2022},
  url         = {https://nvlpubs.nist.gov/nistpubs/ir/2022/NIST.IR.8413.pdf}
}

@book{HornJohnson2013,
  author    = {Roger A. Horn and Charles R. Johnson},
  title     = {Matrix Analysis},
  edition   = {2nd},
  publisher = {Cambridge University Press},
  year      = {2013}
}


@article{Prange1962,
  author  = {E. Prange},
  title   = {The Use of Information Sets in Decoding Cyclic Codes},
  journal = {IRE Transactions on Information Theory},
  volume  = {8},
  number  = {5},
  pages   = {5--9},
  year    = {1962}
}

@inproceedings{Dumer1991,
  author    = {I. I. Dumer},
  title     = {On Minimum Distance Decoding of Linear Codes},
  booktitle = {Proc. 5th Joint Soviet–Swedish Workshop on Information Theory},
  pages     = {50--52},
  year      = {1991}
}

@inproceedings{MayMeurerThomae2011,
  author    = {A. May and A. Meurer and E. Thomae},
  title     = {Decoding Random Linear Codes in $O(2^{0.054n})$},
  booktitle = {ASIACRYPT 2011},
  series    = {LNCS},
  volume    = {7073},
  pages     = {107--124},
  publisher = {Springer},
  year      = {2011}
}

@inproceedings{BernsteinLangePeters2011,
  author    = {Daniel J. Bernstein and Tanja Lange and Christiane Peters},
  title     = {Attacking and Defending the McEliece Cryptosystem},
  booktitle = {Post-Quantum Cryptography (PQCrypto 2011)},
  series    = {LNCS},
  volume    = {7071},
  pages     = {31--46},
  publisher = {Springer},
  year      = {2011}
}

@inproceedings{Cook1971,
  author    = {Stephen A. Cook},
  title     = {The Complexity of Theorem-Proving Procedures},
  booktitle = {Proceedings of STOC 1971},
  pages     = {151--158},
  year      = {1971}
}

@book{HandbookSAT2021,
  editor    = {Armin Biere and Marijn J. H. Heule and Hans van Maaren and Toby Walsh},
  title     = {Handbook of Satisfiability},
  edition   = {2nd},
  series    = {Frontiers in Artificial Intelligence and Applications},
  volume    = {336},
  publisher = {IOS Press},
  year      = {2021}
}

@incollection{Tseitin1983,
  author    = {G. S. Tseitin},
  title     = {On the Complexity of Derivations in the Propositional Calculus},
  booktitle = {Automation of Reasoning: Classical Papers on Computational Logic 1967--1970},
  editor    = {J{\"o}rg H. Siekmann and Graham Wrightson},
  volume    = {2},
  pages     = {466--483},
  publisher = {Springer},
  year      = {1983}
}

@inproceedings{Sinz2005,
  author    = {Carsten Sinz},
  title     = {Towards an Optimal {CNF} Encoding of Boolean Cardinality Constraints},
  booktitle = {CP 2005},
  series    = {LNCS},
  volume    = {3709},
  pages     = {827--831},
  publisher = {Springer},
  year      = {2005}
}

@inproceedings{BailleuxBoufkhad2003,
  author    = {Olivier Bailleux and Yacine Boufkhad},
  title     = {Efficient {CNF} Encodings of Boolean Cardinality Constraints},
  booktitle = {CP 2003},
  series    = {LNCS},
  volume    = {2833},
  pages     = {108--122},
  publisher = {Springer},
  year      = {2003}
}

@article{EenSorensson2006,
  author    = {Niklas Een and Niklas S{\"o}rensson},
  title     = {Translating Pseudo-Boolean Constraints into {SAT}},
  journal   = {Journal on Satisfiability, Boolean Modeling and Computation},
  volume    = {2},
  pages     = {1--26},
  year      = {2006}
}

@inproceedings{Asin2009,
  author    = {Roberto As{\'\i}n and Robert Nieuwenhuis and Albert Oliveras and Enric Rodr{\'\i}guez-Carbonell},
  title     = {Cardinality Networks: A Theoretical and Empirical Study},
  booktitle = {CP 2009},
  series    = {LNCS},
  volume    = {5732},
  pages     = {167--182},
  publisher = {Springer},
  year      = {2009}
}

@article{MarquesSilvaSakallah1999,
  author    = {Jo{\~a}o P. Marques-Silva and Karem A. Sakallah},
  title     = {GRASP -- A Search Algorithm for Propositional Satisfiability},
  journal   = {IEEE Transactions on Computers},
  volume    = {48},
  number    = {5},
  pages     = {506--521},
  year      = {1999}
}

@inproceedings{Moskewicz2001,
  author    = {Matthew W. Moskewicz and Conor F. Madigan and Ying Zhao and Lintao Zhang and Sharad Malik},
  title     = {Chaff: Engineering an Efficient {SAT} Solver},
  booktitle = {DAC 2001},
  pages     = {530--535},
  publisher = {ACM},
  year      = {2001}
}

@inproceedings{EenBiere2005,
  author    = {Niklas Een and Armin Biere},
  title     = {Effective Preprocessing in {SAT} through Variable and Clause Elimination},
  booktitle = {SAT 2005},
  series    = {LNCS},
  volume    = {3569},
  pages     = {61--75},
  publisher = {Springer},
  year      = {2005}
}

@inproceedings{JarvisaloHeuleBiere2012,
  author    = {Matti J{\"a}rvisalo and Marijn J. H. Heule and Armin Biere},
  title     = {Inprocessing Techniques for {SAT} Solvers},
  booktitle = {SAT 2012},
  series    = {LNCS},
  volume    = {7317},
  pages     = {355--370},
  publisher = {Springer},
  year      = {2012}
}

@inproceedings{SoosNohlCastelluccia2009,
  author    = {Mate Soos and Karsten Nohl and Christian Castelluccia},
  title     = {Extending {SAT} Solvers to Cryptographic Problems},
  booktitle = {SAT 2009},
  series    = {LNCS},
  volume    = {5584},
  pages     = {244--257},
  publisher = {Springer},
  year      = {2009}
}

@inproceedings{EenSorensson2003,
  author    = {Niklas Een and Niklas S{\"o}rensson},
  title     = {An Extensible {SAT}-solver},
  booktitle = {SAT 2003},
  pages     = {502--518},
  year      = {2003}
}

@inproceedings{GomesSelmanKautz1998,
  author    = {Carla P. Gomes and Bart Selman and Henry Kautz},
  title     = {Boosting Combinatorial Search through Randomization},
  booktitle = {AAAI 1998},
  pages     = {431--437},
  publisher = {AAAI Press},
  year      = {1998}
}
